<?xml version="1.0" encoding="UTF-8"?><collection xmlns="http://www.loc.gov/MARC21/slim"><record><leader>00344nam--2200133-i-4500</leader><controlfield tag="001">000033607</controlfield><controlfield tag="002">20161230</controlfield><controlfield tag="005">20161230201039</controlfield><controlfield tag="008">060222s1000------------r-----000-0-eng-d</controlfield><datafield ind1=" " ind2=" " tag="080"><subfield code="a">681.14.01</subfield></datafield><datafield ind1=" " ind2=" " tag="100"><subfield code="a">Naylor, Thomas H</subfield></datafield><datafield ind1=" " ind2=" " tag="245"><subfield code="a">Computer simulation techniques</subfield></datafield><datafield ind1=" " ind2=" " tag="260"><subfield code="a">New York, John Wiley &amp; Sons Inc.,1966. Xiii + 352p</subfield></datafield><datafield ind1=" " ind2=" " tag="852"><subfield code="a">24786</subfield></datafield></record></collection>